
@online{_aufnahme-_2018,
	title = {Aufnahme- und Entlassmanagement: Wo sich noch Schätze heben lassen},
	url = {https://www.aerzteblatt.de/archiv/167072/Aufnahme-und-Entlassmanagement-Wo-sich-noch-Schaetze-heben-lassen},
	urldate = {2018-02-06},
	date = {2018-02-06}
}

@online{_anwendungsbeispiele_2018,
	title = {Anwendungsbeispiele für die Indoor Positionsbestimmung},
	url = {https://www.infsoft.de/anwendungsbeispiele},
	urldate = {2018-02-07},
	date = {2018-02-07}
}

@online{_rfid_2018,
	title = {{RFID} vs. {NFC} {\textbar} {NFC}-Tag-Shop.de},
	url = {https://www.nfc-tag-shop.de/info/nfc-vergleich/rfid-vs-nfc.html},
	urldate = {2018-02-07},
	date = {2018-02-07},
	langid = {german}
}

@online{rainrfid,
	title = {{RAIN} {RFID}},
	url = {https://rainrfid.org/},
	abstract = {The {RAIN} {RFID} Alliance is a global organization promoting the universal adoption of {RAIN} technology solutions across many different vertical markets.},
	titleaddon = {{RAIN} {RFID}},
	urldate = {2018-02-11},
	date = {2018-02-11},
	langid = {american}
}

@online{_youtube_2018,
	title = {{YouTube}},
	url = {https://www.youtube.com/watch?v=6tiP5W0q7CI},
	urldate = {2018-02-13},
	date = {2018-02-13}
}

@online{_aerospace_2018,
	title = {Aerospace Software Developments},
	url = {http://www.asd.ie/},
	urldate = {2018-02-13},
	date = {2018-02-13}
}

@online{_leave_2018,
	title = {Leave a message},
	url = {https://secure.livechatinc.com/licence/8799706/open_chat.cgi?groups=0&embedded=1&newWebserv=undefined&__lc_vv=2&session_id=S1518533165.e2ebd58bb9&server=secure.livechatinc.com#https://www.gs1ie.org/partners/meet-our-partners/ASD-RFIDMedical.html},
	urldate = {2018-02-13},
	date = {2018-02-13}
}

@online{_radio_2018,
	title = {Radio Frequency Identification ({RFID})},
	url = {https://visionid.ie/solutions/technology/radio-frequency-identification-rfid},
	titleaddon = {{VisionID}},
	urldate = {2018-02-13},
	date = {2018-02-13},
	langid = {american}
}

@online{vizinex,
	title = {Medical Uses for {RFID} Products},
	url = {https://www.vizinexrfid.com/medical-uses-for-rfid-products/},
	abstract = {Over the last ten years, {RFID} product design has come a long way. Things that ten years ago seemed futuristic are now in daily use, especially in the medical field, where progress in the {RFID} product design made advancements in the medical applications possible.},
	titleaddon = {Vizinex {RFID}},
	urldate = {2018-03-07},
	date = {2010-02-19},
	langid = {american},
	file = {Snapshot:files/28/medical-uses-for-rfid-products.html:text/html}
}

@online{cardinal_video,
	title = {Considering {RFID} to Track Healthcare Inventory?},
	url = {https://www.dicardiology.com/videos/considering-rfid-track-healthcare-inventory},
	abstract = {Healthcare reform is changing the way you provide care. With a focus on cost efficiency and quality, tracking utilization and efficient inventory management are big opportunities in your cardiovascular suite to help you manage costs and support patient safety initiatives. See how using the right tool for the right supply is key to demonstrating {ROI}. Watch a webinar on cath lab inventory tracking — Stop the Emotional Stocking! Revitalize your Cath Lab.},
	titleaddon = {{DAIC}},
	urldate = {2018-03-07},
	date = {2016-04-15},
	langid = {english},
	file = {Snapshot:files/32/considering-rfid-track-healthcare-inventory.html:text/html}
}

@online{cardinal_web,
	title = {Cardinal Health: Healthcare Solutions, Logistics Supplies},
	url = {http://www.cardinalhealth.com/en.html},
	date = {2018-03-27},
	urldate = {2018-03-27},
	file = {Cardinal Health\: Healthcare Solutions, Logistics & Supplies:files/98/en.html:text/html}
}

@online{dipole,
	title = {RFID Hospital Sanidad {\textbar} Dipole},
	url = {http://www.dipolerfid.es/es/RFID-Hospital-Sanidad},
	date = {2018-03-07},
	urldate = {2018-03-07},
	file = {RFID Hospital Sanidad | Dipole:files/31/RFID-Hospital-Sanidad.html:text/html}
}

@software{nsarchitecture,
	title = {nativescript-cli: Command-line interface for building {NativeScript} apps},
	url = {https://github.com/NativeScript/nativescript-cli},
	shorttitle = {nativescript-cli},
	publisher = {{NativeScript}},
	urldate = {2018-03-08},
	date = {2018-03-07},
	note = {original-date: 2014-06-30T10:21:20Z},
	file = {Snapshot:files/35/ns-cli.html:text/html}
}

@online{_tutorial_????,
	title = {Tutorial Title: {RFID} state of the art, current applications, and future trends},
	url = {http://ewh.ieee.org/conf/basics2/t5.htm},
	urldate = {2018-03-09},
	file = {Tutorial Title\: RFID state of the art, current applications, and future trends:files/38/t5.html:text/html}
}

@online{health_electromagnetic_????,
	title = {Electromagnetic Compatibility({EMC}) - Radio Frequency Identification ({RFID})},
	url = {https://www.fda.gov/Radiation-EmittingProducts/RadiationSafety/ElectromagneticCompatibilityEMC/ucm116647.htm},
	abstract = {Radio Frequency Identification ({RFID}) refers to a wireless system comprised of two components: tags and readers.},
	type = {{WebContent}},
	author = {Health, Center for Devices \{and\} Radiological},
	urldate = {2018-03-12},
	langid = {english},
	file = {Snapshot:files/42/ucm116647.html:text/html}
}

@online{_rfid_????-1,
	title = {{RFID} Testing for Safety, {EMC}, and Tag \& Reader Interoperability},
	url = {http://www.metlabs.com/industries/rfid/},
	abstract = {{MET} {RFID} Testing to {ISO} 18006-C {ISO} 15693-3 {ISO} 14443 {ISO} 18000-3 {FCC} Rule Part 15 or 90 {RSS} 210 \& {UL} {CSA} 60950},
	titleaddon = {{MET} Laboratories, Inc.},
	urldate = {2018-03-12},
	langid = {american},
	file = {Snapshot:files/44/rfid.html:text/html}
}

@video{terso_video,
	title = {{RFID} for Medical Field Inventory Tracking},
	url = {https://www.youtube.com/watch?v=-G9XNpuH8iQ},
	author = {{Terso Rfid}},
	urldate = {2018-03-12},
	keywords = {Consingment Inventory Management, Field Inventory Tracking, Hospital {RFID}, Industrial Internet, Intelligent Hospital, Internet of Things, {IoT}, Medical Device Inventory, Real Time Healthcare System, Real Time Hospital System, {RFID}, {RFID} in Healthcare, {RFID} Inventory Tracking, {RFID} Medical Device, {RFID} Storage, Technology, Terso Solutions}
}

@online{terso_web,
	title = {Terso Solutions},
	url = {https://www.tersosolutions.com/},
	titleaddon = {Terso Solutions},
	urldate = {2018-03-12},
	langid = {english}
}

@article{ncbi,
	title = {Radio Frequency Identification ({RFID}) technology and patient safety},
	volume = {18},
	issn = {1735-1995},
	url = {https://www.ncbi.nlm.nih.gov/pmc/articles/PMC3872592/},
	pages = {809--813},
	number = {9},
	journaltitle = {J Res Med Sci},
	author = {Ajami, Sima and Rajabzadeh, Ahmad},
	urldate = {2018-03-12},
	date = {2013-09},
	pmid = {24381626},
	pmcid = {PMC3872592}
}

@book{chipless,
	location = {Cham},
	title = {Chipless {RFID}},
	isbn = {978-3-319-10168-2},
	url = {http://link.springer.com/10.1007/978-3-319-10169-9},
	publisher = {Springer International Publishing},
	author = {Rezaiesarlak, Reza and Manteghi, Majid},
	urldate = {2018-03-13},
	date = {2015},
	langid = {english},
	doi = {10.1007/978-3-319-10169-9},
	file = {Rezaiesarlak and Manteghi - 2015 - Chipless RFID.pdf:files/51/Rezaiesarlak and Manteghi - 2015 - Chipless RFID.pdf:application/pdf}
}

@book{chen,
	location = {Cham},
	title = {{RFID} Technologies for Internet of Things},
	isbn = {978-3-319-47354-3},
	url = {http://link.springer.com/10.1007/978-3-319-47355-0},
	series = {Wireless Networks},
	publisher = {Springer International Publishing},
	author = {Chen, Min and Chen, Shigang},
	urldate = {2018-03-13},
	date = {2016},
	doi = {10.1007/978-3-319-47355-0},
	file = {Chen and Chen - 2016 - RFID Technologies for Internet of Things.pdf:files/53/Chen and Chen - 2016 - RFID Technologies for Internet of Things.pdf:application/pdf}
}


@book{casestudy, 
author={Shang-Wei Wang and Wun-Hwa Chen and Chorng-Shyong Ong and Li Liu and Yun-Wen Chuang}, 
booktitle={Proceedings of the 39th Annual Hawaii International Conference on System Sciences (HICSS'06)}, 
title={RFID Application in Hospitals: A Case Study on a Demonstration RFID Project in a Taiwan Hospital}, 
year={2006}, 
volume={8}, 
pages={184a-184a}, 
keywords={Computer aided software engineering;Costs;Government;Health and safety;Health information management;Hospitals;Manufacturing;Medical services;Radiofrequency identification;Supply chain management}, 
doi={10.1109/HICSS.2006.422}, 
ISSN={1530-1605}
}

@book{mobile,
	location = {Berlin, Heidelberg},
	title = {Mobile Computing und {RFID} im Facility Management},
	isbn = {978-3-540-77551-5},
	url = {http://link.springer.com/10.1007/978-3-540-77552-2},
	publisher = {Springer Berlin Heidelberg},
	urldate = {2018-03-13},
	date = {2008},
	langid = {german},
	doi = {10.1007/978-3-540-77552-2}
}

@book{henrici,
	location = {Berlin},
	title = {{RFID} security and privacy: concepts, protocols, and architectures},
	isbn = {978-3-540-79075-4},
	series = {Lecture notes electrical engineering},
	shorttitle = {{RFID} security and privacy},
	pagetotal = {269},
	number = {17},
	publisher = {Springer},
	author = {Henrici, Dirk},
	date = {2008},
	note = {{OCLC}: 244058698},
	file = {Henrici - 2008 - RFID security and privacy concepts, protocols, an.pdf:files/69/Henrici - 2008 - RFID security and privacy concepts, protocols, an.pdf:application/pdf}
}

@book{fokus,
	location = {Berlin},
	title = {{RFID}},
	isbn = {978-3-642-11459-5},
	series = {Informatik im Fokus},
	abstract = {Der kompakte Schnellüberblick liefert potenziellen Anwendern knappe aber ausreichend ausführliche Informationen über die {RFID}-Technologie, zu Einsatzstrategien und Implementierung und liefert darüber hinaus Beispiele und Erfahrungen von Anwendern. Ein umfangreiches Literaturverzeichnis hilft bei spezielleren Fragen weiter. Umfangreicher aber in der Zielrichtung vergleichbar ist der "Dummies"-Titel von P. Sweeney ({BA} 10/06). Die umfassendste Information liefert weiterhin das Handbuch von K. Finkenzeller ({BA} 1/07, aktualisierte Auflage 2008 ist lieferbar). Auf die Anwendung in Geschäftsprozessen konzentriert sich F. Gillert ({ID} 47/06), vor allem speziellere technische Aspekte behandelt H. Fischer ({ID} 4/07). Zur Erstinformation gut brauchbar, in ausgebauten Beständen sollte zusätzlich die genannte Vergleichsliteratur angeboten werden. (2)},
	pagetotal = {144},
	publisher = {Springer},
	author = {Tamm, Gerrit and Tribowski, Christoph},
	date = {2010},
	note = {{OCLC}: 845690868},
	file = {Tamm and Tribowski - 2010 - RFID.pdf:files/87/Tamm and Tribowski - 2010 - RFID.pdf:application/pdf}
}

@article{gonzalez,
	title = {Radio Frequency Identification ({RFID}) Tags and Reader Antennas Based on Conjugate Matching and Metamaterial Concepts},
	pages = {130},
	author = {González, Gerard Zamora},
	langid = {english},
	file = {González - Radio Frequency Identification (RFID) Tags and Rea.pdf:files/90/González - Radio Frequency Identification (RFID) Tags and Rea.pdf:application/pdf}
}